@article{puethe2014,
year={2014},
journal={Geophys. J. Int.},
volume={197},
number={},
doi={10.1093/gji/ggu027},
title={{Mapping 3-D mantle electrical conductivity from space: a new 3-D inversion scheme based on analysis of matrix Q-responses}},
author={C. P\"uthe and A. Kuvshinov},
pages={768-784},
language={English}
}

@article{egbert1989,
year={1989},
journal={J. Geophys. Res.},
volume={94},
number={},
title={{Multivariate analysis of geomagnetic array data. 1. The response space}},
author={G. Egbert and J. Booker},
pages={14227-14247},
language={English}
}


@article{verboven2010,
year={2010},
journal={Computational Statistics},
volume={2},
number={},
title={{Matlab library LIBRA}},
author={S. Verboven and M. Hubert},
pages={509-515},
language={English}
}